<?xml version="1.0" encoding="UTF-8"?>
  <record xmlns="http://www.loc.gov/MARC21/slim" type="Authority">
    <leader>00000nz  a2200000nc 4500</leader>
    <controlfield tag="001">118549855</controlfield>
    <controlfield tag="003">DE-101</controlfield>
    <controlfield tag="005">20220309170633.0</controlfield>
    <controlfield tag="008">880701n||azznnaabn           | aaa    |c</controlfield>
    <datafield tag="024" ind1="7" ind2=" ">
      <subfield code="a">118549855</subfield>
      <subfield code="0">http://d-nb.info/gnd/118549855</subfield>
      <subfield code="2">gnd</subfield>
    </datafield>
    <datafield tag="035" ind1=" " ind2=" ">
      <subfield code="a">(DE-101)118549855</subfield>
    </datafield>
    <datafield tag="035" ind1=" " ind2=" ">
      <subfield code="a">(DE-588)118549855</subfield>
    </datafield>
    <datafield tag="035" ind1=" " ind2=" ">
      <subfield code="z">(DE-588)187782423</subfield>
    </datafield>
    <datafield tag="035" ind1=" " ind2=" ">
      <subfield code="z">(DE-588a)187782423</subfield>
      <subfield code="9">v:zg</subfield>
    </datafield>
    <datafield tag="035" ind1=" " ind2=" ">
      <subfield code="z">(DE-588)1084572273</subfield>
    </datafield>
    <datafield tag="035" ind1=" " ind2=" ">
      <subfield code="z">(DE-588)1089928807</subfield>
    </datafield>
    <datafield tag="035" ind1=" " ind2=" ">
      <subfield code="z">(DE-588)1089854641</subfield>
    </datafield>
    <datafield tag="035" ind1=" " ind2=" ">
      <subfield code="z">(DE-588a)118549855</subfield>
      <subfield code="9">v:zg</subfield>
    </datafield>
    <datafield tag="035" ind1=" " ind2=" ">
      <subfield code="z">(DE-588a)119707225</subfield>
    </datafield>
    <datafield tag="035" ind1=" " ind2=" ">
      <subfield code="z">(DE-588c)4024549-4</subfield>
      <subfield code="9">v:zg</subfield>
    </datafield>
    <datafield tag="040" ind1=" " ind2=" ">
      <subfield code="a">DE-101</subfield>
      <subfield code="c">DE-101</subfield>
      <subfield code="9">r:DE-101</subfield>
      <subfield code="b">ger</subfield>
      <subfield code="d">9999</subfield>
      <subfield code="e">rda</subfield>
    </datafield>
    <datafield tag="042" ind1=" " ind2=" ">
      <subfield code="a">gnd1</subfield>
    </datafield>
    <datafield tag="043" ind1=" " ind2=" ">
      <subfield code="c">XS</subfield>
    </datafield>
    <datafield tag="065" ind1=" " ind2=" ">
      <subfield code="a">12.2p</subfield>
      <subfield code="2">sswd</subfield>
    </datafield>
    <datafield tag="065" ind1=" " ind2=" ">
      <subfield code="a">16.1p</subfield>
      <subfield code="2">sswd</subfield>
    </datafield>
    <datafield tag="075" ind1=" " ind2=" ">
      <subfield code="b">p</subfield>
      <subfield code="2">gndgen</subfield>
    </datafield>
    <datafield tag="075" ind1=" " ind2=" ">
      <subfield code="b">piz</subfield>
      <subfield code="2">gndspec</subfield>
    </datafield>
    <datafield tag="079" ind1=" " ind2=" ">
      <subfield code="a">g</subfield>
      <subfield code="q">s</subfield>
      <subfield code="q">f</subfield>
      <subfield code="q">p</subfield>
      <subfield code="q">a</subfield>
      <subfield code="q">d</subfield>
      <subfield code="u">v</subfield>
      <subfield code="u">w</subfield>
      <subfield code="u">o</subfield>
    </datafield>
    <datafield tag="100" ind1="0" ind2=" ">
      <subfield code="a">Herodotus</subfield>
      <subfield code="d">ca. 485 v. Chr.-424 v. Chr.</subfield>
    </datafield>
    <datafield tag="375" ind1=" " ind2=" ">
      <subfield code="a">1</subfield>
      <subfield code="2">iso5218</subfield>
    </datafield>
    <datafield tag="377" ind1=" " ind2="7">
      <subfield code="a">grc</subfield>
      <subfield code="2">iso639-2b</subfield>
    </datafield>
    <datafield tag="400" ind1="0" ind2=" ">
      <subfield code="a">Herodote</subfield>
      <subfield code="d">ca. 485 v. Chr.-424 v. Chr.</subfield>
    </datafield>
    <datafield tag="400" ind1="0" ind2=" ">
      <subfield code="a">Herodoto</subfield>
      <subfield code="d">ca. 485 v. Chr.-424 v. Chr.</subfield>
    </datafield>
    <datafield tag="400" ind1="0" ind2=" ">
      <subfield code="a">Herodoot</subfield>
      <subfield code="d">ca. 485 v. Chr.-424 v. Chr.</subfield>
    </datafield>
    <datafield tag="400" ind1="0" ind2=" ">
      <subfield code="a">Herodatus</subfield>
      <subfield code="d">ca. 485 v. Chr.-424 v. Chr.</subfield>
    </datafield>
    <datafield tag="400" ind1="0" ind2=" ">
      <subfield code="a">Hirūdut</subfield>
      <subfield code="d">ca. 485 v. Chr.-424 v. Chr.</subfield>
    </datafield>
    <datafield tag="400" ind1="0" ind2=" ">
      <subfield code="a">Erodot</subfield>
      <subfield code="d">ca. 485 v. Chr.-424 v. Chr.</subfield>
    </datafield>
    <datafield tag="400" ind1="0" ind2=" ">
      <subfield code="a">Hérodotosz</subfield>
      <subfield code="d">ca. 485 v. Chr.-424 v. Chr.</subfield>
    </datafield>
    <datafield tag="400" ind1="0" ind2=" ">
      <subfield code="a">Hīrūdūtūs</subfield>
      <subfield code="d">ca. 485 v. Chr.-424 v. Chr.</subfield>
    </datafield>
    <datafield tag="400" ind1="0" ind2=" ">
      <subfield code="a">Hīrūdūt</subfield>
      <subfield code="d">ca. 485 v. Chr.-424 v. Chr.</subfield>
    </datafield>
    <datafield tag="400" ind1="0" ind2=" ">
      <subfield code="a">Gerodot</subfield>
      <subfield code="d">ca. 485 v. Chr.-424 v. Chr.</subfield>
    </datafield>
    <datafield tag="400" ind1="0" ind2=" ">
      <subfield code="a">Herodot</subfield>
      <subfield code="c">von Halikarnass</subfield>
      <subfield code="d">ca. 485 v. Chr.-424 v. Chr.</subfield>
    </datafield>
    <datafield tag="400" ind1="0" ind2=" ">
      <subfield code="a">Herodot</subfield>
      <subfield code="c">von Halicarnass</subfield>
      <subfield code="d">ca. 485 v. Chr.-424 v. Chr.</subfield>
    </datafield>
    <datafield tag="400" ind1="0" ind2=" ">
      <subfield code="a">Herodot</subfield>
      <subfield code="c">von Halikarnaß</subfield>
      <subfield code="d">ca. 485 v. Chr.-424 v. Chr.</subfield>
    </datafield>
    <datafield tag="400" ind1="0" ind2=" ">
      <subfield code="a">Herodot</subfield>
      <subfield code="c">von Halikarnassos</subfield>
      <subfield code="d">ca. 485 v. Chr.-424 v. Chr.</subfield>
    </datafield>
    <datafield tag="400" ind1="0" ind2=" ">
      <subfield code="a">Herodotos</subfield>
      <subfield code="c">von Halikarnassos</subfield>
      <subfield code="d">ca. 485 v. Chr.-424 v. Chr.</subfield>
    </datafield>
    <datafield tag="400" ind1="0" ind2=" ">
      <subfield code="a">Herodotus</subfield>
      <subfield code="c">von Halikarnassos</subfield>
      <subfield code="d">ca. 485 v. Chr.-424 v. Chr.</subfield>
    </datafield>
    <datafield tag="400" ind1="0" ind2=" ">
      <subfield code="a">Herodotus</subfield>
      <subfield code="c">von Halicarnassos</subfield>
      <subfield code="d">ca. 485 v. Chr.-424 v. Chr.</subfield>
    </datafield>
    <datafield tag="400" ind1="0" ind2=" ">
      <subfield code="a">Herodotus</subfield>
      <subfield code="c">von Halikarnassus</subfield>
      <subfield code="d">ca. 485 v. Chr.-424 v. Chr.</subfield>
    </datafield>
    <datafield tag="400" ind1="0" ind2=" ">
      <subfield code="a">Herodoot</subfield>
      <subfield code="c">van Halikarnassus</subfield>
      <subfield code="d">ca. 485 v. Chr.-424 v. Chr.</subfield>
    </datafield>
    <datafield tag="400" ind1="0" ind2=" ">
      <subfield code="a">Herodotus</subfield>
      <subfield code="c">of Halicarnassus</subfield>
      <subfield code="d">ca. 485 v. Chr.-424 v. Chr.</subfield>
    </datafield>
    <datafield tag="400" ind1="0" ind2=" ">
      <subfield code="a">Hérodote</subfield>
      <subfield code="c">d'Halicarnasse</subfield>
      <subfield code="d">ca. 485 v. Chr.-424 v. Chr.</subfield>
    </datafield>
    <datafield tag="400" ind1="0" ind2=" ">
      <subfield code="a">Hérodote</subfield>
      <subfield code="c">de Halicarnasse</subfield>
      <subfield code="d">ca. 485 v. Chr.-424 v. Chr.</subfield>
    </datafield>
    <datafield tag="400" ind1="0" ind2=" ">
      <subfield code="a">Herodot</subfield>
      <subfield code="c">iz Halikarnasu</subfield>
      <subfield code="d">ca. 485 v. Chr.-424 v. Chr.</subfield>
    </datafield>
    <datafield tag="400" ind1="0" ind2=" ">
      <subfield code="a">Herodotus</subfield>
      <subfield code="c">ho Halikarnasseos</subfield>
      <subfield code="d">ca. 485 v. Chr.-424 v. Chr.</subfield>
    </datafield>
    <datafield tag="400" ind1="0" ind2=" ">
      <subfield code="a">Herodotus</subfield>
      <subfield code="c">ho Halikarnasseus</subfield>
      <subfield code="d">ca. 485 v. Chr.-424 v. Chr.</subfield>
    </datafield>
    <datafield tag="400" ind1="0" ind2=" ">
      <subfield code="a">Erodoto</subfield>
      <subfield code="c">di Alicarnasso</subfield>
      <subfield code="d">ca. 485 v. Chr.-424 v. Chr.</subfield>
    </datafield>
    <datafield tag="400" ind1="0" ind2=" ">
      <subfield code="a">Gerodot</subfield>
      <subfield code="c">iz Galikarnassa</subfield>
      <subfield code="d">ca. 485 v. Chr.-424 v. Chr.</subfield>
    </datafield>
    <datafield tag="400" ind1="0" ind2=" ">
      <subfield code="a">Herodot</subfield>
      <subfield code="c">Halicarnassei</subfield>
      <subfield code="d">ca. 485 v. Chr.-424 v. Chr.</subfield>
    </datafield>
    <datafield tag="400" ind1="0" ind2=" ">
      <subfield code="a">Herodotus</subfield>
      <subfield code="c">Halicarnassensis</subfield>
      <subfield code="d">ca. 485 v. Chr.-424 v. Chr.</subfield>
    </datafield>
    <datafield tag="400" ind1="0" ind2=" ">
      <subfield code="a">Herodotus</subfield>
      <subfield code="c">Halicarnassei</subfield>
      <subfield code="d">ca. 485 v. Chr.-424 v. Chr.</subfield>
    </datafield>
    <datafield tag="400" ind1="0" ind2=" ">
      <subfield code="a">Herodotus</subfield>
      <subfield code="c">Halicarnasseus</subfield>
      <subfield code="d">ca. 485 v. Chr.-424 v. Chr.</subfield>
    </datafield>
    <datafield tag="400" ind1="0" ind2=" ">
      <subfield code="a">Herodotus</subfield>
      <subfield code="c">Halikarnassēos</subfield>
      <subfield code="d">ca. 485 v. Chr.-424 v. Chr.</subfield>
    </datafield>
    <datafield tag="400" ind1="0" ind2=" ">
      <subfield code="a">Herodoto</subfield>
      <subfield code="c">Alicarnaseo</subfield>
      <subfield code="d">ca. 485 v. Chr.-424 v. Chr.</subfield>
    </datafield>
    <datafield tag="400" ind1="0" ind2=" ">
      <subfield code="a">Herodoto</subfield>
      <subfield code="c">Halicarnasseo</subfield>
      <subfield code="d">ca. 485 v. Chr.-424 v. Chr.</subfield>
    </datafield>
    <datafield tag="400" ind1="0" ind2=" ">
      <subfield code="a">Erodotus</subfield>
      <subfield code="c">Alikarnassēos</subfield>
      <subfield code="d">ca. 485 v. Chr.-424 v. Chr.</subfield>
    </datafield>
    <datafield tag="400" ind1="0" ind2=" ">
      <subfield code="a">Erodoto</subfield>
      <subfield code="c">Alicarnasseo</subfield>
      <subfield code="d">ca. 485 v. Chr.-424 v. Chr.</subfield>
    </datafield>
    <datafield tag="400" ind1="0" ind2=" ">
      <subfield code="a">Herodot</subfield>
      <subfield code="c">the Historian</subfield>
      <subfield code="d">ca. 485 v. Chr.-424 v. Chr.</subfield>
    </datafield>
    <datafield tag="400" ind1="0" ind2=" ">
      <subfield code="a">Herodotus</subfield>
      <subfield code="c">the Historian</subfield>
      <subfield code="d">ca. 485 v. Chr.-424 v. Chr.</subfield>
    </datafield>
    <datafield tag="400" ind1="0" ind2=" ">
      <subfield code="a">Herodotos</subfield>
      <subfield code="c">Historiker</subfield>
      <subfield code="d">ca. 485 v. Chr.-424 v. Chr.</subfield>
    </datafield>
    <datafield tag="400" ind1="0" ind2=" ">
      <subfield code="a">Herodotus</subfield>
      <subfield code="c">Historicus</subfield>
      <subfield code="d">ca. 485 v. Chr.-424 v. Chr.</subfield>
    </datafield>
    <datafield tag="400" ind1="0" ind2=" ">
      <subfield code="a">Herodotos</subfield>
      <subfield code="c">Sohn des Lyxes</subfield>
      <subfield code="d">ca. 485 v. Chr.-424 v. Chr.</subfield>
    </datafield>
    <datafield tag="400" ind1="0" ind2=" ">
      <subfield code="a">Herodotus</subfield>
      <subfield code="c">Thurius</subfield>
      <subfield code="d">ca. 485 v. Chr.-424 v. Chr.</subfield>
    </datafield>
    <datafield tag="400" ind1="0" ind2=" ">
      <subfield code="a">Pseudo-Herodotus</subfield>
      <subfield code="c">Biographus</subfield>
      <subfield code="d">ca. 485 v. Chr.-424 v. Chr.</subfield>
    </datafield>
    <datafield tag="400" ind1="0" ind2=" ">
      <subfield code="a">Pseudo-Herodotus</subfield>
      <subfield code="c">Halicarnassensis</subfield>
      <subfield code="d">ca. 485 v. Chr.-424 v. Chr.</subfield>
    </datafield>
    <datafield tag="400" ind1="0" ind2=" ">
      <subfield code="a">Herodot</subfield>
      <subfield code="d">ca. 485 v. Chr.-424 v. Chr.</subfield>
    </datafield>
    <datafield tag="400" ind1="0" ind2=" ">
      <subfield code="a">Hérodote</subfield>
      <subfield code="d">ca. 485 v. Chr.-424 v. Chr.</subfield>
    </datafield>
    <datafield tag="400" ind1="0" ind2=" ">
      <subfield code="a">Herodotos</subfield>
      <subfield code="d">ca. 485 v. Chr.-424 v. Chr.</subfield>
    </datafield>
    <datafield tag="400" ind1="0" ind2=" ">
      <subfield code="a">Erodoto</subfield>
      <subfield code="d">ca. 485 v. Chr.-424 v. Chr.</subfield>
    </datafield>
    <datafield tag="400" ind1="0" ind2=" ">
      <subfield code="a">Herodot</subfield>
      <subfield code="c">von Halikarnassus</subfield>
      <subfield code="d">ca. 485 v. Chr.-424 v. Chr.</subfield>
    </datafield>
    <datafield tag="400" ind1="0" ind2=" ">
      <subfield code="a">Pseudo-Herodotus</subfield>
      <subfield code="c">Historicus</subfield>
      <subfield code="d">ca. 485 v. Chr.-424 v. Chr.</subfield>
    </datafield>
    <datafield tag="400" ind1="0" ind2=" ">
      <subfield code="a">Herdodotus</subfield>
      <subfield code="d">ca. 485 v. Chr.-424 v. Chr.</subfield>
    </datafield>
    <datafield tag="400" ind1="0" ind2=" ">
      <subfield code="a">Heródoto</subfield>
      <subfield code="d">ca. 485 v. Chr.-424 v. Chr.</subfield>
    </datafield>
    <datafield tag="400" ind1="0" ind2=" ">
      <subfield code="a">Pseudo-Herodotus</subfield>
      <subfield code="d">ca. 485 v. Chr.-424 v. Chr.</subfield>
    </datafield>
    <datafield tag="400" ind1="0" ind2=" ">
      <subfield code="a">Xi luo duo de</subfield>
      <subfield code="d">ca. 485 v. Chr.-424 v. Chr.</subfield>
    </datafield>
    <datafield tag="400" ind1="0" ind2=" ">
      <subfield code="9">U:Hant</subfield>
      <subfield code="a">希羅多德</subfield>
      <subfield code="d">ca. 485 v. Chr.-424 v. Chr.</subfield>
    </datafield>
    <datafield tag="400" ind1="0" ind2=" ">
      <subfield code="9">U:Hans</subfield>
      <subfield code="a">希罗多德</subfield>
      <subfield code="d">ca. 485 v. Chr.-424 v. Chr.</subfield>
    </datafield>
    <datafield tag="500" ind1="1" ind2=" ">
      <subfield code="0">(DE-101)12397142X</subfield>
      <subfield code="0">(DE-588)12397142X</subfield>
      <subfield code="0">https://d-nb.info/gnd/12397142X</subfield>
      <subfield code="a">Boner, Hieronymus</subfield>
      <subfield code="d">1490-1552</subfield>
      <subfield code="4">beza</subfield>
      <subfield code="4">https://d-nb.info/standards/elementset/gnd#acquaintanceshipOrFriendship</subfield>
      <subfield code="w">r</subfield>
      <subfield code="i">Bekanntschaft</subfield>
      <subfield code="e">Bekanntschaft</subfield>
      <subfield code="9">v:VD-16 Mitverf.</subfield>
    </datafield>
    <datafield tag="500" ind1="1" ind2=" ">
      <subfield code="a">Camerarius, Joachim</subfield>
      <subfield code="c">der Ältere</subfield>
      <subfield code="4">beza</subfield>
      <subfield code="4">https://d-nb.info/standards/elementset/gnd#acquaintanceshipOrFriendship</subfield>
      <subfield code="w">r</subfield>
      <subfield code="i">Bekanntschaft</subfield>
      <subfield code="e">Bekanntschaft</subfield>
      <subfield code="9">v:VD-16 Mitverf.</subfield>
    </datafield>
    <datafield tag="500" ind1="1" ind2=" ">
      <subfield code="0">(DE-101)118519565</subfield>
      <subfield code="0">(DE-588)118519565</subfield>
      <subfield code="0">https://d-nb.info/gnd/118519565</subfield>
      <subfield code="a">Châteillon, Sébastien</subfield>
      <subfield code="d">1515-1563</subfield>
      <subfield code="4">beza</subfield>
      <subfield code="4">https://d-nb.info/standards/elementset/gnd#acquaintanceshipOrFriendship</subfield>
      <subfield code="w">r</subfield>
      <subfield code="i">Bekanntschaft</subfield>
      <subfield code="e">Bekanntschaft</subfield>
      <subfield code="9">v:VD-16 Mitverf.</subfield>
    </datafield>
    <datafield tag="500" ind1="0" ind2=" ">
      <subfield code="0">(DE-101)119379295</subfield>
      <subfield code="0">(DE-588)119379295</subfield>
      <subfield code="0">https://d-nb.info/gnd/119379295</subfield>
      <subfield code="a">Ctesias</subfield>
      <subfield code="c">Cnidius</subfield>
      <subfield code="d">ca. um 400 v.Chr.</subfield>
      <subfield code="4">beza</subfield>
      <subfield code="4">https://d-nb.info/standards/elementset/gnd#acquaintanceshipOrFriendship</subfield>
      <subfield code="w">r</subfield>
      <subfield code="i">Bekanntschaft</subfield>
      <subfield code="e">Bekanntschaft</subfield>
      <subfield code="9">v:VD-16 Mitverf.</subfield>
    </datafield>
    <datafield tag="500" ind1="1" ind2=" ">
      <subfield code="a">Etienne, Henri</subfield>
      <subfield code="4">beza</subfield>
      <subfield code="4">https://d-nb.info/standards/elementset/gnd#acquaintanceshipOrFriendship</subfield>
      <subfield code="w">r</subfield>
      <subfield code="i">Bekanntschaft</subfield>
      <subfield code="e">Bekanntschaft</subfield>
      <subfield code="9">v:VD-16 Mitverf.</subfield>
    </datafield>
    <datafield tag="500" ind1="1" ind2=" ">
      <subfield code="a">Heresbach, Konrad</subfield>
      <subfield code="4">beza</subfield>
      <subfield code="4">https://d-nb.info/standards/elementset/gnd#acquaintanceshipOrFriendship</subfield>
      <subfield code="w">r</subfield>
      <subfield code="i">Bekanntschaft</subfield>
      <subfield code="e">Bekanntschaft</subfield>
      <subfield code="9">v:VD-16 Mitverf.</subfield>
    </datafield>
    <datafield tag="500" ind1="0" ind2=" ">
      <subfield code="0">(DE-101)11855333X</subfield>
      <subfield code="0">(DE-588)11855333X</subfield>
      <subfield code="0">https://d-nb.info/gnd/11855333X</subfield>
      <subfield code="a">Homerus</subfield>
      <subfield code="d">ca. v8. Jh.</subfield>
      <subfield code="4">beza</subfield>
      <subfield code="4">https://d-nb.info/standards/elementset/gnd#acquaintanceshipOrFriendship</subfield>
      <subfield code="w">r</subfield>
      <subfield code="i">Bekanntschaft</subfield>
      <subfield code="e">Bekanntschaft</subfield>
      <subfield code="9">v:VD-16 Mitverf.</subfield>
    </datafield>
    <datafield tag="500" ind1="1" ind2=" ">
      <subfield code="0">(DE-101)119344459</subfield>
      <subfield code="0">(DE-588)119344459</subfield>
      <subfield code="0">https://d-nb.info/gnd/119344459</subfield>
      <subfield code="a">Lauterbeck, Georg</subfield>
      <subfield code="d">-1578</subfield>
      <subfield code="4">beza</subfield>
      <subfield code="4">https://d-nb.info/standards/elementset/gnd#acquaintanceshipOrFriendship</subfield>
      <subfield code="w">r</subfield>
      <subfield code="i">Bekanntschaft</subfield>
      <subfield code="e">Bekanntschaft</subfield>
      <subfield code="9">v:VD-16 Mitverf.</subfield>
    </datafield>
    <datafield tag="500" ind1="1" ind2=" ">
      <subfield code="a">Manutius, Aldus Pius</subfield>
      <subfield code="4">beza</subfield>
      <subfield code="4">https://d-nb.info/standards/elementset/gnd#acquaintanceshipOrFriendship</subfield>
      <subfield code="w">r</subfield>
      <subfield code="i">Bekanntschaft</subfield>
      <subfield code="e">Bekanntschaft</subfield>
      <subfield code="9">v:VD-16 Mitverf.</subfield>
    </datafield>
    <datafield tag="548" ind1=" " ind2=" ">
      <subfield code="a">ca. 485 v. Chr.-424 v. Chr.</subfield>
      <subfield code="4">datl</subfield>
      <subfield code="4">https://d-nb.info/standards/elementset/gnd#associatedDate</subfield>
      <subfield code="w">r</subfield>
      <subfield code="i">Lebensdaten</subfield>
      <subfield code="9">v:Lebensdaten nach Pauly neu</subfield>
    </datafield>
    <datafield tag="548" ind1=" " ind2=" ">
      <subfield code="a">v04-</subfield>
      <subfield code="4">datu</subfield>
      <subfield code="4">https://d-nb.info/standards/elementset/gnd#udkCode</subfield>
      <subfield code="w">r</subfield>
      <subfield code="i">UDK</subfield>
    </datafield>
    <datafield tag="550" ind1=" " ind2=" ">
      <subfield code="0">(DE-101)040250989</subfield>
      <subfield code="0">(DE-588)4025098-2</subfield>
      <subfield code="0">https://d-nb.info/gnd/4025098-2</subfield>
      <subfield code="a">Historiker</subfield>
      <subfield code="4">berc</subfield>
      <subfield code="4">https://d-nb.info/standards/elementset/gnd#professionOrOccupation</subfield>
      <subfield code="w">r</subfield>
      <subfield code="i">Charakteristischer Beruf</subfield>
    </datafield>
    <datafield tag="550" ind1=" " ind2=" ">
      <subfield code="0">(DE-101)040533093</subfield>
      <subfield code="0">(DE-588)4053309-8</subfield>
      <subfield code="0">https://d-nb.info/gnd/4053309-8</subfield>
      <subfield code="a">Schriftsteller</subfield>
      <subfield code="4">beru</subfield>
      <subfield code="4">https://d-nb.info/standards/elementset/gnd#professionOrOccupation</subfield>
      <subfield code="w">r</subfield>
      <subfield code="i">Beruf</subfield>
    </datafield>
    <datafield tag="550" ind1=" " ind2=" ">
      <subfield code="0">(DE-101)041554302</subfield>
      <subfield code="0">(DE-588)4155430-9</subfield>
      <subfield code="0">https://d-nb.info/gnd/4155430-9</subfield>
      <subfield code="a">Geschichtsschreiber</subfield>
      <subfield code="4">beru</subfield>
      <subfield code="4">https://d-nb.info/standards/elementset/gnd#professionOrOccupation</subfield>
      <subfield code="w">r</subfield>
      <subfield code="i">Beruf</subfield>
    </datafield>
    <datafield tag="550" ind1=" " ind2=" ">
      <subfield code="0">(DE-101)040202143</subfield>
      <subfield code="0">(DE-588)4020214-8</subfield>
      <subfield code="0">https://d-nb.info/gnd/4020214-8</subfield>
      <subfield code="a">Geograf</subfield>
      <subfield code="4">beru</subfield>
      <subfield code="4">https://d-nb.info/standards/elementset/gnd#professionOrOccupation</subfield>
      <subfield code="w">r</subfield>
      <subfield code="i">Beruf</subfield>
    </datafield>
    <datafield tag="550" ind1=" " ind2=" ">
      <subfield code="0">(DE-101)041530985</subfield>
      <subfield code="0">(DE-588)4153098-6</subfield>
      <subfield code="0">https://d-nb.info/gnd/4153098-6</subfield>
      <subfield code="a">Ethnologe</subfield>
      <subfield code="4">beru</subfield>
      <subfield code="4">https://d-nb.info/standards/elementset/gnd#professionOrOccupation</subfield>
      <subfield code="w">r</subfield>
      <subfield code="i">Beruf</subfield>
    </datafield>
    <datafield tag="551" ind1=" " ind2=" ">
      <subfield code="0">(DE-101)040945545</subfield>
      <subfield code="0">(DE-588)4094554-6</subfield>
      <subfield code="0">https://d-nb.info/gnd/4094554-6</subfield>
      <subfield code="a">Halikarnassos</subfield>
      <subfield code="4">ortg</subfield>
      <subfield code="4">https://d-nb.info/standards/elementset/gnd#placeOfBirth</subfield>
      <subfield code="w">r</subfield>
      <subfield code="i">Geburtsort</subfield>
    </datafield>
    <datafield tag="667" ind1=" " ind2=" ">
      <subfield code="a">12</subfield>
    </datafield>
    <datafield tag="667" ind1=" " ind2=" ">
      <subfield code="a">384</subfield>
    </datafield>
    <datafield tag="667" ind1=" " ind2=" ">
      <subfield code="a">7</subfield>
    </datafield>
    <datafield tag="667" ind1=" " ind2=" ">
      <subfield code="a">12-PAN</subfield>
    </datafield>
    <datafield tag="667" ind1=" " ind2=" ">
      <subfield code="a">VD-17</subfield>
    </datafield>
    <datafield tag="667" ind1=" " ind2=" ">
      <subfield code="a">VD-16</subfield>
    </datafield>
    <datafield tag="667" ind1=" " ind2=" ">
      <subfield code="a">TITAN;Maschinell verknuepft mit DBL-Retro-Titeldaten</subfield>
    </datafield>
    <datafield tag="667" ind1=" " ind2=" ">
      <subfield code="a">Quelle: DNB-Normdaten (Info DNB: Z: v485-v425 Z: Geburts- u. Todesjahr ca., Todesjahr auch v430 D: Griech. Historiker u. Schriftsteller)</subfield>
    </datafield>
    <datafield tag="670" ind1=" " ind2=" ">
      <subfield code="a">PAN</subfield>
    </datafield>
    <datafield tag="670" ind1=" " ind2=" ">
      <subfield code="a">LCAuth</subfield>
    </datafield>
    <datafield tag="672" ind1=" " ind2="0">
      <subfield code="a">Herodotus: Herodoti Plutarchi et Dionis vita Homeri. - s.a.</subfield>
    </datafield>
    <datafield tag="672" ind1=" " ind2="0">
      <subfield code="a">Excerptae historiae. 1584. (VD16 H 2515)</subfield>
    </datafield>
    <datafield tag="672" ind1=" " ind2="0">
      <subfield code="a">Historiae, Ausz. 1555. (VD16 H 2521)</subfield>
    </datafield>
    <datafield tag="672" ind1=" " ind2="0">
      <subfield code="a">Historiae. 1595. (VD16 H 2518)</subfield>
    </datafield>
    <datafield tag="672" ind1=" " ind2="0">
      <subfield code="a">HErodotus der aller hochberuemptest Griechische geschichtschreyber von dem Persier vnd ... 1535. (VD16 H 2519)</subfield>
    </datafield>
    <datafield tag="672" ind1=" " ind2="0">
      <subfield code="a">\=GHĒRODOTU LOGOI ENNEA, OIPER EPIKALUNTAI MUSAI.\=g HERODOTI LIBRI NOVEM, QVIBVS ... 1557. (VD16 H 2508)</subfield>
    </datafield>
    <datafield tag="672" ind1=" " ind2="0">
      <subfield code="a">HERODOTI HALICARNASSEI HISTORIAE LIBRI IX. Interprete Laurentio Valla. EIVSDEM ... 1559. (VD16 H 2511)</subfield>
    </datafield>
    <datafield tag="672" ind1=" " ind2="0">
      <subfield code="a">HERODOTI HALICARNASSEI HISTORIOGRAPHI LIBRI NOVEM, MVSARVM NOMINIBVS INSCRIPTI, ... 1562. (VD16 H 2512)</subfield>
    </datafield>
    <datafield tag="672" ind1=" " ind2="0">
      <subfield code="a">HERODOTI HALICARNASSEI HISTORIOGRAPHI LIBRI NOVEM, MVSARVM NOMINIBVS INSCRIPTI, ... 1526. (VD16 H 2509)</subfield>
    </datafield>
    <datafield tag="672" ind1=" " ind2="0">
      <subfield code="a">HERODOTI HALICARNASSEI HISTORIAE LIBRI IX. Interprete Laurentio Valla. EIVSDEM ... 1583. (VD16 H 2514)</subfield>
    </datafield>
    <datafield tag="672" ind1=" " ind2="0">
      <subfield code="a">Homerus: Odyssea. 1533. (VD16 ZV 8127)</subfield>
    </datafield>
    <datafield tag="672" ind1=" " ind2="0">
      <subfield code="a">Herodotus: Herodoti libri novem</subfield>
      <subfield code="f">1502</subfield>
    </datafield>
    <datafield tag="672" ind1=" " ind2="0">
      <subfield code="a">Herodotus: Herodoti libri novem</subfield>
      <subfield code="f">1541</subfield>
    </datafield>
    <datafield tag="672" ind1=" " ind2="0">
      <subfield code="a">Herodotus: Historia ...</subfield>
      <subfield code="f">1575</subfield>
    </datafield>
    <datafield tag="672" ind1=" " ind2="0">
      <subfield code="a">Herodotus: Herodoti ... historiae</subfield>
      <subfield code="f">1679</subfield>
    </datafield>
    <datafield tag="672" ind1=" " ind2="0">
      <subfield code="a">Herodotus: Historiae. - 1824 - 1826</subfield>
    </datafield>
    <datafield tag="672" ind1=" " ind2="0">
      <subfield code="a">Herodotus: Musae (historiae). - 1830 - 1835</subfield>
    </datafield>
    <datafield tag="672" ind1=" " ind2="0">
      <subfield code="a">Herodotus: Les histoires d'Herodote</subfield>
      <subfield code="f">1665</subfield>
    </datafield>
    <datafield tag="672" ind1=" " ind2="0">
      <subfield code="a">Herodotus: Les histoires d'Herodote</subfield>
      <subfield code="f">1714</subfield>
    </datafield>
    <datafield tag="672" ind1=" " ind2="0">
      <subfield code="a">Herodotus: Histoire</subfield>
      <subfield code="f">1802</subfield>
    </datafield>
    <datafield tag="672" ind1=" " ind2="0">
      <subfield code="a">Herodotus: Herodoti Plutarchi et Dionis vita Homeri. - s.a</subfield>
    </datafield>
    <datafield tag="678" ind1=" " ind2=" ">
      <subfield code="b">Griech. Historiker u. Schriftsteller; Geschichtsschreiber; Historiograph, Geograph u. Völkerkundler</subfield>
    </datafield>
    <datafield tag="913" ind1=" " ind2=" ">
      <subfield code="S">pnd</subfield>
      <subfield code="i">5</subfield>
      <subfield code="a">Herodotus</subfield>
      <subfield code="0">(DE-588a)118549855</subfield>
    </datafield>
    <datafield tag="913" ind1=" " ind2=" ">
      <subfield code="S">pnd</subfield>
      <subfield code="i">5</subfield>
      <subfield code="a">Herodotus</subfield>
      <subfield code="0">(DE-588a)187782423</subfield>
    </datafield>
  </record>
